



<!DOCTYPE html PUBLIC "-//W3C//DTD XHTML 1.0 Strict//EN"
"http://www.w3.org/TR/xhtml1/DTD/xhtml1-strict.dtd">
<html xmlns="http://www.w3.org/1999/xhtml" xml:lang="en" lang="en">
<!-- ViewVC - http://viewvc.org/
by Greg Stein - mailto:gstein@lyra.org -->
<head>
<title>SourceForge.net CVS Repository - [r-gregmisc] View of /exp.ssize/inst/doc/Peng.bib</title>
<meta name="generator" content="ViewVC 1.0.0" />
<link rel="stylesheet" href="/*docroot*/styles.css" type="text/css" />
</head>
<body>
<table style="padding:0.1em;">
<tr>
<td>
<strong>

<a href="/r-gregmisc/">

[r-gregmisc]</a>
/

<a href="/r-gregmisc/exp.ssize/">

exp.ssize</a>
/

<a href="/r-gregmisc/exp.ssize/inst/">

inst</a>
/

<a href="/r-gregmisc/exp.ssize/inst/doc/">

doc</a>
/

<a href="/r-gregmisc/exp.ssize/inst/doc/Peng.bib?view=log">

Peng.bib</a>


</strong>

</td>
</tr>
</table>


<div style="float: right; padding: 5px;"><a href="http://sourceforge.net"><img src="/*docroot*/images/sourceforge_whitebg.gif" alt="(logo)" border=0 width=136 height=79></a></div>
<h1>View of /exp.ssize/inst/doc/Peng.bib</h1>

<p style="margin:0;">

<a href="/r-gregmisc/exp.ssize/inst/doc/"><img src="/*docroot*/images/back_small.png" width="16" height="16" alt="Parent Directory" /> Parent Directory</a>

| <a href="/r-gregmisc/exp.ssize/inst/doc/Peng.bib?view=log#rev1.2"><img src="/*docroot*/images/log.png" width="16" height="16" alt="Revision Log" /> Revision Log</a>




</p>

<hr />
<div class="vc_summary">
Revision <strong>1.2</strong> -
(<a href="/*checkout*/r-gregmisc/exp.ssize/inst/doc/Peng.bib?revision=1.2"><strong>download</strong></a>)

(<a href="/r-gregmisc/exp.ssize/inst/doc/Peng.bib?annotate=1.2"><strong>annotate</strong></a>)

<br /><em>Tue Oct 19 04:25:33 2004 UTC</em>
(19 months, 1 week ago)
by <em>liup</em>


<br />Branch: <strong>MAIN</strong>


<br />CVS Tags: <strong>HEAD</strong>




<br />Changes since <strong>1.1: +420 -420 lines</strong>





<pre class="vc_log">Typo correction, format change. Delete relationship between Bonf and independence.
</pre>

</div>
<div id="vc_markup"><pre><PRE>
@ARTICLE{,
  author = {},
  year = ,
  title = {},
  journal = {},
  volume = ,
  number = {},
  pages = {},
  annote = {}
}
@PHDTHESIS{,
  author = {},
  year = ,
  title = {},
  school = {}
}
@INCOLLECTION{,
  author = {},
  editor = {},
  year = ,
  title = {},
  booktitle = {},
  edition = {},
  chapter = ,
  pages = {},
  note = {},
  publisher = {},
  address = {},
  type = {}
}

@BOOK{,
  author = {},
  year = 1997,
  title = {},
  edition = {},
  publisher = {},
  address = {}
}

@ARTICLE{Alter00,
  author = {O. Alter and P. Brown and D. Botstein},
  year = 2000,
  title = {Singular valus decomposition for genome-wide expression data processing and modeling},
  journal = {Proceedings of the National Academy of Sciences},
  volume = 97,
  pages = {10101-10106},
  annote = {}
}
@ARTICLE{Benjamini95,
  author = {Y. Benjamini and Y. Hochberg},
  year = 1995,
  title = {Controlling the false discovery rate: a practical and powerful approach to multiple testing},
  journal = {Journal of Royal Statistical Society B},
  volume = 57,
  number = 1,
  pages = {289-300},
  annote = {}
}
@ARTICLE{Chen97,
  author = {Y. Chen and E. Dougherty and M. Bittner},
  year = 1997,
  title = {Ratio based decisions and the quantitive analysis of cDNA microarray images},
  journal = {Journal of Biomedical Optics},
  volume = 2,
  pages = {364-374},
  annote = {}
}

@ARTICLE{Cui03,
  author = {X. Cui and G. A. Churchill},
  year = 2003,
  title = {Statistical test for differential expression in cDNA microarray experiments},
  journal = {Genome Biology},
  volume = 4,
  pages = {210-219},
  annote = {}
}
@ARTICLE{Datta03,
  author = {S. Datta and S. Datta},
  year = 2003,
  title = {Comparisons and validation of statistical clustering techniques for microarray gene expression data},
  journal = {Bioinformatics},
  volume = 19,
  number = 4,
  pages = {459-466},
  annote = {}
}

@ARTICLE{Dudoit02,
  author = {S. Dudoit and Y. Yang and M. Callow and T. Speed},
  year = 2002,
  title = {Statistical methods for identifying differentially expressed genes in replicated cDNA microarray experiments},
  journal = {Statistica Sinica},
  volume = 12,
  pages = {111-139},
  annote = {}
}
@ARTICLE{Eisen98,
  author = {M. Eisen and P. Spellman and P. Brown and D. Botstein},
  year = 1998,
  title = {Cluster analysis and display of genome expression patterns},
  journal = {Proceedings of the National Academy of Sciences},
  volume = 95,
  pages = {14863-14868},
  annote = {}
}

@ARTICLE{Fry97,
  author = {W. Fry and S. Goodwin},
  year = 1997,
  title = {Re-emergence of potato and tomato late blight in the united states},
  journal = {Plant Disease},
  volume = 81,
  pages = {1349-1357},
  annote = {}
}
@ARTICLE{Getz00,
  author = {G. Getz and E. Levine and E. Domany},
  year = 2000,
  title = {Coupled two-way clustering of gene microarray data},
  journal = {Proceedings of the National Academy of Sciences},
  volume = 97,
  pages = {12079-12084},
  annote = {}
}

@ARTICLE{Hastie00,
  author = {T. Hastie and R. Tibshirani and M. Eisen and A. Alizadeh and R. Levy and L. Staudt and W. Chan
  and D. Botstein and P. Brown},
  year = 2000,
  title = {Gene shaving as a method for identifying distinct sets of genes with similar expression patterns},
  journal = {Genome Biology},
  volume = 1,
  number = 2,
  pages = {1-21},
  annote = {}
}
@ARTICLE{Hihara01,
  author = {Y. Hihara and A. Kamei and M. Kanehisa and A. Kaplan and M. Ikerchi},
  year = 2001,
  title = {DNA microarray analysis of cyanobacterial gene expression during acclimation to high light},
  journal = {The Plant Cell},
  volume = 13,
  pages = {793-806},
  annote = {}
}
@ARTICLE{Holter00,
  author = {N. Holter and M. Mitra and A. Maritan and M. Cieplak and J. Banavar and N. Fedoroff},
  year = 2000,
  title = {Founemental patterns underlying gene expression profiles: Simplicity from complexity},
  journal = {Proceedings of the National Academy of Sciences},
  volume = 97,
  pages = {8409-8414},
  annote = {}
}
@ARTICLE{Hoon02,
  author = {M. de Hoon and S. Imoto and S. Miyano},
  year = 2002,
  title = {Statistical analysis of a small set of time-ordered gene expression data using linear splines},
  journal = {Bioinformatics},
  volume = 18,
  number = 11,
  pages = {1477-1485},
  annote = {}
}
@ARTICLE{Kerr00,
  author = {M. Kerr and M. Martin and G. Churchill},
  year = 2000,
  title = {Analysis of variance for gene expression microarray data},
  journal = {Journal of Computational Biology},
  volume = 7,
  pages = {819-837},
  annote = {}
}

@ARTICLE{Hastie00,
  author = {R, Hastie and R. Tibshirani and M. Eisen and A. Alizadehand R. Levy and L. Staudtand DW. Chanand D. Botstein, and P. Brown},
  year = 2000,
  title = {``Gene shaving` as a method for identifying distinct sets of genes with similar expression patterns},
  journal = {Genome Biology},
  volume = 1,
  number = 2,
  pages = {1-21},
  annote = {}
}

@ARTICLE{Heller02,
  author = {M. J. Heller},
  year = 2002,
  title = {DNA microarray technology: devices, systems, and applications},
  journal = {Annual Review in Biomedical Engineering},
  volume = 4,
  pages = {129-153},
  annote = {}
}
@ARTICLE{Holloway02,
  author = {A. J. Holloway and R. K. van Laar and R. W. Tothill and D. D. L. Bowtell},
  year = 2002,
  title = {Options available-from start to finish-for obtaining data from DNA microarrays II},
  journal = {Nature Genetics},
  volume = 32,
  pages = {481},
  annote = {}
}
@BOOK{geneVI,
  author = {B. Lewin},
  year = 1997,
  title = {Genes VI},
  edition = {6th},
  publisher = {Oxford University Press, Inc.},
  address = {New York}
}

@ARTICLE{Golub99,
  author = {T. Golub and D. Slonim and P. Tamayo and C. Huard and M. Gaasenbeek and J. Mesirov and H. Coller
  and M. Loh and R. Downing and M. Caligiuri and C. Bloomfield and E. Lander},
  year = 1999,
  title = {Molecular classification of cancer: class discovery and class prediction by gene expression monitoring},
  journal = {Science},
  volume = 286,
  pages = {531-537},
  annote = {}
}

@ARTICLE{Stolovitzky03,
  author = {G. Stolovitzky},
  year = 2003,
  title = {Gene selection in microarray data: the elephant, the blind men and our algorithms},
  journal = {Current Opinion in Structural Biology},
  volume = 13,
  pages = {370-376},
  annote = {}
}

@ARTICLE{Lazzeroni02,
  author = {L. Lazzeroni and A. Owen},
  year = 2002,
  title = {Plaid models for gene expression data},
  journal = {Statistica Sinica},
  volume = 12,
  pages = {61-86},
  annote = {}
}
@ARTICLE{LSpeed02,
  author = {I. L\&quot;{o}nnstedt and T. Speed},
  year = 2002,
  title = {Replicated microarray data},
  journal = {Statistica Sinica},
  volume = 12,
  pages = {31-46},
  annote = {}
}
@ARTICLE{Mandel03,
  author = {S. Mandel and O. Weinreb and M. B. H. Youdim},
  year = 2003,
  title = {Using cDNA microarray to assess Parkinson's disease models and
  the effects of neuroprotective drugs},
  journal = {TRENDS in Pharmacological Sciences},
  volume = 24,
  number = 4,
  pages = {184-191},
  annote = {}
}

@ARTICLE{Newton01,
  author = {M. A. Newton and C. M. Kendziorski and C. S. Richmond and F. R. Blattner and K. W. Tsui},
  year = 2001,
  title = {On differential variability of expression ratios: improving statistical
  inference about gene expression changes from microarray data},
  journal = {Journal of Computational Biology},
  volume = 8,
  pages = {37-52},
  annote = {}
}

@ARTICLE{Park03,
  author = {T. Park and S. Yi and S. Lee and S. Y. Lee and D. Yoo and J. Ahn and Y. Lee},
  year = 2003,
  title = {Statistical tests for identifying differentially expressed genes in time-course microarrat experiments},
  journal = {Bioinformatics},
  volume = 19,
  number = 6,
  pages = {694-703},
  annote = {}
}
@ARTICLE{Quackenbush01,
  author = {J. Quackenbush},
  year = 2002,
  title = {Computational analysis of microarray data},
  journal = {Nature Reviews Genetics},
  volume = 2,
  pages = {418-427},
  annote = {}
}
@ARTICLE{Quackenbush02,
  author = {J. Quackenbush},
  year = 2002,
  title = {Microarray data normalization and transformation},
  journal = {Nature Genetics Supplement},
  volume = 32,
  pages = {496-501},
  annote = {}
}
@ARTICLE{Rocke01,
  author = {D. M. Rocke and B. Durbin},
  year = 2001,
  title = {A model for measurement error for gene expression arrays},
  journal = {Journal of Computational Biology},
  volume = 8,
  pages = {557-569},
  annote = {}
}
@ARTICLE{Sebastiani03,
author = {P. Sebastiani and G. Emanuela and I. Kohane and M. Ramoni},
  year = 1998,
  title = {Statistical challenges in functional genomics},
  journal = {Statitical sciences},
  volume = 18,
  number = 1,
  pages = {33-70},
  annote = {}
}

@ARTICLE{Spellman98,
  author = {P. Spellman and G. Sherlock and M. Zhang and V. Iyer and
  K. Anders and M. Eisen and P. Brown and D. Botstein and B. Futcher},
  year = 1998,
  title = {Comprehensive identification of cell cycle-regulated genes
  of the yeast \textit{Saccharomyces cerevisiae} by microarray hybridization},
  journal = {Molecular Biology of the Cell},
  volume = 9,
  pages = {3273-3297},
  annote = {}
}

@ARTICLE{Smart03,
  author = {C. Smart and K. Myers and S. Restrepo and G. Martin and W. Fry},
  year = 2003,
  title = {Partial resistencec of tomato to \textit{Phytophthora infectans} is not
  dependent upon ethylene, jasmonic acid or salicylic acid signaling pathways},
  journal = {Molecular Plant-Microbe Interaction},
  volume = 16,
  pages = {141-148},
  annote = {}
}

@ARTICLE{Smyth02,
  author = {G. K. Smyth and Y. H. Yang and T. Speed},
  year = 2002,
  title = {Statistical issues in cDNA microarray data analysis},
  journal = {Functional Genomics: Methods and Protocols},
  volume = ,
  pages = {},
  annote = {}
}

@ARTICLE{Stolovitzky03,
  author = {G. Stolovitzky},
  year = 2003,
  title = {Gene selection in microarray data: the elephant, the blind men ad our algorithms},
  journal = {Current Opinion in Structural Biology},
  volume = 13,
  number = 3,
  pages = {370-376},
  annote = {}
}
@ARTICLE{Storey02,
  author = {J. Storey},
  year = 2002,
  title = {A direct approach to false discovery rates},
  journal = {Journal of Royal Statistical Society B},
  volume = 64,
  number = 3,
  pages = {479-498},
  annote = {}
}
@ARTICLE{West01,
  author = {M. West and C. Blanchette and H. Dressman and E. Hwang and
  S. Ishida and R. Spang and H. Zuzan and J. Olson and R. Marks and J. Nevins},
  year = 2001,
  title = {Predicting the clinical status of human breast cancer by using gene expression profiles},
  journal = {Proceedings of the National Academy of Sciences},
  volume = 98,
  pages = {11462-11467},
  annote = {}
}
@ARTICLE{Yang01,
  author = {Y. H. Yang and S. Dudoit and P. Luu and T. Speed},
  year = 2001,
  title = {Normalization for cDNA microarray data},
  journal = {Microarrays: Optical Technologies and Informatics},
  pages = {141-152},
  annote = {}
}
@ARTICLE{Yang02,
  author = {Y. H. Yang and T. Speed},
  year = 2002,
  title = {Design issues for cDNA microarray experiments},
  journal = {Nature Reviews Genetics},
  volume = 3,
  pages = {579-588},
  annote = {}
}
@ARTICLE{Zhang03,
  author = {D. Zhang and M. Wells and C. Smart and W. Fry},
  year = 2003,
  title = {Baysian analysis of spotted microarray data: an approach to unify normalization and identification},
  annote = {to submit}
}
@ARTICLE{Zhao01,
  author = {L. P. Zhao and R. Prentice and L. Breeden},
  year = 2001,
  title = {Statistical modeling of large microarray data sets to identify stimulus-response profiles},
  journal = {Proceedings of the National Academy of Sciences},
  volume = 98,
  number = 10,
  pages = {5631-5636},
  annote = {}
}
</PRE>
</pre></div>

<hr />
<table>
<tr>
<td>
<address><a href="http://sourceforge.net/">Back to SourceForge.net</a></address><br />
Powered by <a href="http://viewvc.tigris.org/">ViewVC 1.0.0</a>
</td>
<td style="text-align:right;">
<h3><a href="/*docroot*/help_rootview.html">ViewVC and Help</a></h3>
</td>
</tr>
</table>
</body>
</html>

