@misc{Ecell,
    author=	"Kouichi Takahashi",
    title=	"E-cell {S}imulation {E}nvironment, version 3.1.103",
    howpublished=	"\url{http://ecell.sourceforge.net} (22
	October 2005)",
    month=	"",
    year=	"",
    note=	""
}
@misc{Vcell,
    author=	"Les Loew",
    title=	"Virtual Cell Modeling and Simulation Framework,
    version 4",
    howpublished=	"\url{http://vcell.org} (22 October 2005)",
    month=	"",
    year=	"",
    note=	""
}
@article{Gillespie77,
    author=	"Daniel T. Gillespie",
    title=	"Exact Stochastic Simulation of Coupled Chemical
	Reactions",
    journal=	"Journal of Physical Chemistry",
    year=	1977,
    volume=	81,
    number=	25,
    pages=	"2340--2361"
}
@article{Arkin98,
    author=	"Adam Arkin and John Ross and Harley H. McAdams",
    title=	"Stochastic Kinetic Analysis of Developmental Pathway
	Bifurcation in Phage $\Lambda$-Infected \textit{Escherichia
	    coli} Cells",
    journal=	"Genetics",
    year=	"1998",
    volume=	"149",
    number=	"",
    pages=	"1633--1648"
}
@book{Fell97,
    author=	"David Fell",
    title=	"Understanding the Control of Metabolism",
    publisher=	"Portland press",
    address=	"London, U.K.",
    year=	1997
}
@article{Michaelis13,
    author=	"L. Michaelis and M. L. Menten",
    title=	"Die kinetik der invertinwirkung",
    journal=	"Biochemische Zeitschrift",
    year=	1913,
    volume=	49,
    pages=	"333--369"
}
@article{Briggs25,
    author=	"G. E. Briggs and J. B. S. Haldane",
    title=	"A note on the kinetics of enzyme action",
    journal=	"Biochemical Journal",
    year=	1925,
    volume=	19,
    pages=	"338--339"
}
@article{Oates02,
    author=	"Peter J. Oates",
    title=	"Polyol Pathway and Diabetic Peripheral Neuropathy",
    journal=	"International Review of Neurobiology",
    year=	"2002",
    volume=	"50",
    number=	"",
    pages=	"325--392"
}
@article{Nishikawa00,
    author=	"Takeshi Nishikawa and Diane Edelstein and Xue Liang
	Du and Sho-ichi Yamagishi and Takeshi Matsumura and Yasufumi
	Kaneda and Mark A. Yorek and David Beebe and Peter J. Oates
	and Hans-Peter Hammes and Ida Giardino and Michael Brownlee",
    title=	"Normalizing mitochondrial superoxide production
	blocks three pathways of hyperglycaemic damage",
    journal=	"Nature",
    year=	"2000",
    volume=	"404",
    number=	"",
    pages=	"787--790"
}
@article{Brownlee01,
    author=	"Michael Brownlee",
    title=	"Biochemistry and molecular cell biology of diabetic
	complications",
    journal=	"Nature",
    year=	"2001",
    volume=	"414",
    number=	"",
    pages=	"813--820"
}
@article{Hynne01,
    author=	"F. Hynne and S. Dan\o and P. G. S{\o}rensen",
    title=	"Full-scale model of glycolysis in
	\textit{Saccharomyces cerevisiae}",
    journal=	"Biophysical Chemistry",
    year=	"2001",
    volume=	"94",
    number=	"",
    pages=	"121--163"
}
@article{Visser04,
    author=	"Diana Visser and Gertan A. van Zuylen and Jan C. van
	Dam and Michael R. Eman and Angela Pr{\"o}ll and Cor Ras and
	Liang Wu and Walter M. van Gulik and Joseph J. Heijnen",
    title=	"Analysis of \textit{in vivo} kinetics of glycolysis
	in aerobic \textit{Saccharomyces cerevisiae} by application of glucose
	and ethanol pulses",
    journal=	"Biotechnology and Bioengineering",
    year=	"2004",
    volume=	"88",
    number=	"2",
    pages=	"157--167"
}
@article{Gelfand90,
    author=	"Alan E. Gelfand and Susan E. Hills and Amy Racine-Poon and
	Adrian F. M. Smith",
    title=	"Illustration of {B}ayesian inference in normal data
	models using {G}ibbs sampling",
    journal=	"Journal of the American Statistical Association",
    year=	"1990",
    volume=	"85",
    number=	"",
    pages=	"972--985"
}
@phdthesis{Warnes00,
    author=	"Gregory R. Warnes",
    title=	"The Normal Kernel Coupler: An adaptive Markov chain
	Monte Carlo method for efficiently sampling from multi-modal
	distributions",
    school=	"University of Washington",
    year=	"2000"
}
@book{Gilks95,
    editor=	"W. R. Gilks and S. Richardson and D. J. Spiegelhalter",
    title=	"Markov Chain Monte Carlo in Practice",
    publisher=	"Chapman \& Hall/CRC",
    year=	"1995",
    volume=	"",
    series=	"",
    address=	"Boca Raton, FL",
    edition=	""
}
@article{Metropolis53,
    author=	"Nicholas Metropolis and Arianna W. Rosenbluth and
	Marshall N. Rosenbluth and Augusta Teller and Edward Teller",
    title=	"Equation of State Calculations by Fast Computing
	Machines",
    journal=	"Journal of Chemical Physics",
    year=	"1953",
    volume=	"21",
    number=	"6",
    pages=	"1087--1092"
}
@article{Hastings70,
    author=	"W. K. Hastings",
    title=	"Monte {C}arlo sampling methods using {M}arkov chains and
	their applications",
    journal=	"Biometrika",
    year=	"1970",
    volume=	"57",
    number=	"",
    pages=	"97--109"
}
@article{Geman84,
    author=	"Stuart Geman and Donald Geman",
    title=	"Stochastic relaxation, {G}ibbs distributions, and the
    {B}ayesian restoration of images",
    journal=	"IEEE Transactions on Pattern Analysis and Machine
	Intelligence",
    year=	"1984",
    volume=	"6",
    number=	"6",
    pages=	"721--741"
}
@misc{STKE05,
    author=	"{American Association for the Advancement of Science}",
    title=	"Signal {T}ransduction {K}nowledge {E}nvironment",
    howpublished=	"\url{http://www.stke.org}",
    month=	"",
    year=	"2005",
    note=	""
}
@Manual{R,
    title=	{R: A language and environment for statistical computing},
    author=	{{R Development Core Team}},
    organization=	{R Foundation for Statistical Computing},
    address=	{Vienna, Austria},
    year=	{2005},
    note=	{{ISBN} 3-900051-07-0},
    url=	{http://www.R-project.org}
}
@Manual{mcgibbsit,
    title=	{mcgibbsit: Warnes and Raftery's {MCG}ibbsit {MCMC}
	diagnostic},
    author=	{Gregory R. Warnes},
    year=	{2005},
    note=	{R package version 1.0.5},
}
@misc{Hydra,
    author=	"Gregory R. Warnes",
    title=	"Hydra MCMC Library",
    howpublished=
    "\url{http://www.sourceforge.net/projects/hydra-mcmc/} (17 Jan
    06)",
}
@article{Byrd95,
    author=	"R. H. Byrd and P. Lu and J. Nocedal and C. Zhu",
    title=	"A limited memory algorithm for bound constrained optimization",
    journal=	"SIAM Journal for Scientific Computing",
    year=	"1995",
    volume=	"16",
    number=	"",
    pages=	"1190--1208"
}
